%INTRODUCTION

@book{Mak,
  title={De levens van Jan Six: Een familiegeschiedenis},
  author={Geert Mak},
  year={2016},
  publisher={Atlas}
}

